[
  {
    "title": "H-Milch 1,5%",
    "brands": "Weihenstephan",
    "price": "1,29 €",
    "priceBasis": "1,29 €/l",
    "regularPrice": "1,89 €",
    "regularPriceBasis": "1,89 €/l",
    "packSize": "1l",
    "info": "1,5/3,5% Fett, je 1-l-Pckg",
    "image": "https://olivia3-images.maexware-kundencloud.de/out/pictures/generated/product/1/540_540_75/DV019_4008452027589_PER.png",
    "barcode": "4008452027589"
  },
  {
    "title": "Frische Weidemilch 3,5%",
    "brands": "Unsere Heimat",
    "price": "",
    "priceBasis": "",
    "regularPrice": "1,19 €",
    "regularPriceBasis": "1,19 €/l",
    "packSize": "1l",
    "info": "1l | 1,19 €/l",
    "image": "https://olivia3-images.maexware-kundencloud.de/out/pictures/generated/product/1/540_540_75/DV019_4313920000040_PER_SW.png",
    "barcode": "4313920015884"
  },
  {
    "title": "Toast Vollkorn",
    "brands": "Golden Toast",
    "price": "1,40 €",
    "priceBasis": "2,80 €/kg",
    "regularPrice": "1,90 €",
    "regularPriceBasis": "3,80 €/kg",
    "packSize": "500g",
    "info": "500g | 3,80 €/kg",
    "image": "https://olivia3-images.maexware-kundencloud.de/out/pictures/generated/product/1/240_240_75/DV019_4009249019923_VOR.png",
    "barcode": "4009249019923"
  },      
  {
    "title": "Toast Weizen",
    "brands": "Golden Toast",
    "price": "",
    "priceBasis": "",
    "regularPrice": "1,90 €",
    "regularPriceBasis": "3,80 €/kg",
    "packSize": "500g",
    "info": "500g | 3,80 €/kg",
    "image": "https://olivia3-images.maexware-kundencloud.de/out/pictures/generated/product/1/240_240_75/DV019_4004249049659_VOR.png",
    "barcode": "4009249001010"
  },  
  {
    "title": "Philadelphia Laktosefrei Doppelrahmstufe",
    "brands": "Philadelphia",
    "price": "",
    "priceBasis": "",
    "regularPrice": "1,99 €",
    "regularPriceBasis": "13,28 €/kg",
    "packSize": "150g",
    "info": "150g |  13,28 €/kg",
    "image": "https://olivia3-images.maexware-kundencloud.de/out/pictures/generated/product/1/240_240_75/DV019_7622210230416_VOR.png",
    "barcode": "7622210230416"
  },
  {
    "title": "Bio Mie-Nudeln mit Ei",
    "brands": "ALB-GOLD",
    "price": "",
    "priceBasis": "",
    "regularPrice": "2,20 €",
    "regularPriceBasis": "8,80 €/kg",
    "packSize": "250g",
    "info": "250g | 8,80 €/kg",
    "image": "https://olivia3-images.maexware-kundencloud.de/out/pictures/generated/product/1/540_540_75/DV019_4018722305736_VOR.png",
    "barcode": "4018722305736"
  },        
  {
    "title": "Gnocchi Nr. 46",
    "brands": "De Cecco",
    "price": "",
    "priceBasis": "",
    "regularPrice": "2,69 €",
    "regularPriceBasis": "5,38 €/kg",
    "packSize": "500g",
    "info": "500g | 5,38 €/kg",
    "image": "https://olivia3-images.maexware-kundencloud.de/out/pictures/generated/product/1/240_240_75/DV019_8001250120465_VOR.png",
    "barcode": "8001250120465"
  },       
  {
    "title": "Feines Butterschmalz",
    "brands": "Meggle",
    "price": "4,00 €",
    "priceBasis": "16,00 €/kg",
    "regularPrice": "5,39 €",
    "regularPriceBasis": "21,56 €/kg",
    "packSize": "250g",
    "info": "250g | 21,56 €/kg",
    "image": "https://olivia3-images.maexware-kundencloud.de/out/pictures/generated/product/1/240_240_75/DV019_4034900008268_PER.png",
    "barcode": "4034900008268"
  },
  {
    "title": "Bavaria Blu Der Würzige",
    "brands": "Bergader",
    "price": "2,29 €",
    "priceBasis": "9,16 €/kg",
    "regularPrice": "3,49 €",
    "regularPriceBasis": "19,94 €/kg",
    "packSize": "180g",
    "info": "180g | 19,94 €/kg",
    "image": "https://olivia3-images.maexware-kundencloud.de/out/pictures/generated/product/1/540_540_75/DV019_4006402020413_PER.png",
    "barcode": "4006402020413"
  }, 
  {
    "title": "Toasties Körner Harmonie",
    "brands": "Golden Toast",
    "price": "",
    "priceBasis": "",
    "regularPrice": "1,99 €",
    "regularPriceBasis": "6,63 €/kg",
    "packSize": "300g",
    "info": "300g |  6,63 €/kg",
    "image": "https://olivia3-images.maexware-kundencloud.de/out/pictures/generated/product/1/540_540_75/DV019_4009249040071_VOR.png",
    "barcode": "4009249012146"
  },    
  {
    "title": "Vollkornsaftiges",
    "brands": "Lieken Urkorn",
    "price": "1,50 €",
    "priceBasis": "3,00 €/kg",
    "regularPrice": "1,99 €",
    "regularPriceBasis": "3,98 €/kg",
    "packSize": "500g",
    "info": "500g | 3,98 €/kg",
    "image": "https://olivia3-images.maexware-kundencloud.de/out/pictures/generated/product/1/240_240_75/DV019_4006170001676_VOR.png",
    "barcode": "4006170001676"
  }, 
  {
    "title": "Ziegenfrischkäse Natur",
    "brands": "Demeter Monte Ziego",
    "price": "3,00 €",
    "priceBasis": "30,00 €/kg",
    "regularPrice": "3,89 €",
    "regularPriceBasis": "38,90 €/kg",
    "packSize": "100g",
    "info": "100g |  38,90 €/kg ",
    "image": "https://olivia3-images.maexware-kundencloud.de/out/pictures/generated/product/1/240_240_75/DV019_4260100870019_PER.png",
    "barcode": "4260100870019"
  },      
  {
    "title": "Choco Pause",
    "brands": "Milka",
    "price": "",
    "priceBasis": "",
    "regularPrice": "2,99 €",
    "regularPriceBasis": "11,50 €/kg",
    "packSize": "260g",
    "info": "260g | (11,50 €/kg)",
    "image": "https://olivia3-images.maexware-kundencloud.de/out/pictures/generated/product/1/240_240_75/DV019_7622210100917_VOR.png",
    "barcode": "7622210100917"
  },
  {
    "title": "Halva Krolewska",
    "brands": "Wedel",
    "price": "",
    "priceBasis": "",
    "regularPrice": "4,89 €",
    "regularPriceBasis": "19,16 €/kg",
    "packSize": "250g",
    "info": "250g | 19,16 €/kg",
    "image": "https://olivia3-images.maexware-kundencloud.de/out/pictures/generated/product/1/240_240_75/DV019_5901588067070_PER.png",
    "barcode": "5901588067070"
  },
  {
    "title": "PiCK UP! Minis Choco",
    "brands": "LEIBNIZ",
    "price": "",
    "priceBasis": "",
    "regularPrice": "2,99 €",
    "regularPriceBasis": "23,54 €/kg",
    "packSize": "126g",
    "info": "126g | 23,54 €/kg",
    "image": "https://olivia3-images.maexware-kundencloud.de/out/pictures/generated/product/1/240_240_75/DV019_4017100406218_VOR.png",
    "barcode": "4017100406218"
  },
  {
    "title": "Cookie Sensations Oreo",
    "brands": "Milka",
    "price": "",
    "priceBasis": "",
    "regularPrice": "2,99 €",
    "regularPriceBasis": "19,16 €/kg",
    "packSize": "156g",
    "info": "156g | 19,16 €/kg",
    "image": "https://olivia3-images.maexware-kundencloud.de/out/pictures/generated/product/1/240_240_75/DV019_7622201148676_VOR.png",
    "barcode": "7622201148676"
  },
  {
    "title": "Millefoglie Classiche",
    "brands": "Matilde Vicenzi",
    "price": "",
    "priceBasis": "",
    "regularPrice": "2,69 €",
    "regularPriceBasis": "21,52 €/kg",
    "packSize": "125g",
    "info": "125g | 21,52 €/kg",
    "image": "https://olivia3-images.maexware-kundencloud.de/out/pictures/generated/product/1/240_240_75/DV019_8000350008093_VOR.png",
    "barcode": "8000350000332"
  },
  {
    "title": "Choco Moo",
    "brands": "Milka",
    "price": "",
    "priceBasis": "",
    "regularPrice": "2,99 €",
    "regularPriceBasis": "14,95 €/kg",
    "packSize": "200g",
    "info": "200g | 14,95 €/kg",
    "image": "https://olivia3-images.maexware-kundencloud.de/out/pictures/generated/product/1/240_240_75/DV019_7622300503079_VOR.png",
    "barcode": "7622300503079"
  },
  {
    "title": "Chocolate Cream Cookies",
    "brands": "EDEKA",
    "price": "",
    "priceBasis": "",
    "regularPrice": "1,69 €",
    "regularPriceBasis": "8,05 €/kg",
    "packSize": "210g",
    "info": "210g | 8,05 €/kg",
    "image": "https://olivia3-images.maexware-kundencloud.de/out/pictures/generated/product/1/240_240_75/DV019_4311501766675_PER.png",
    "barcode": "4311501494059"
  },
  {
    "title": "Fioretto Minis Cappuccino",
    "brands": "Lindt",
    "price": "",
    "priceBasis": "",
    "regularPrice": "5,69 €",
    "regularPriceBasis": "49,48 €/kg",
    "packSize": "115g",
    "info": "115g | 49,48 €/kg",
    "image": "https://olivia3-images.maexware-kundencloud.de/out/pictures/generated/product/1/240_240_75/DV019_4000539105029_PER.png",
    "barcode": "4000539105029"
  },
  {
    "title": "Lindor Stracciatella",
    "brands": "Lindt",
    "price": "",
    "priceBasis": "",
    "regularPrice": "6,29 €",
    "regularPriceBasis": "46,94 €/kg",
    "packSize": "134g",
    "info": "134g | 46,94 €/kg",
    "image": "https://olivia3-images.maexware-kundencloud.de/out/pictures/generated/product/1/240_240_75/DV019_4000539106880_PER.png",
    "barcode": "7610400091411"
  },
  {
    "title": "Ferrero Rocher",
    "brands": "",
    "price": "",
    "priceBasis": "",
    "regularPrice": "3,06 €",
    "regularPriceBasis": "15,35 €/kg",
    "packSize": "200g",
    "info": "200g | 15,35 €/kg",
    "image": "https://olivia3-images.maexware-kundencloud.de/out/pictures/generated/product/1/240_240_75/DV019_4008400163826_PER.png",
    "barcode": "4008400163826"
  }
]
