[
  {
    "title": "H-Milch 1,5%",
    "brands": "Weihenstephan",
    "price": "1,21 €",
    "priceBasis": "1,21 €/l",
    "regularPrice": "1,99 €",
    "regularPriceBasis": "1,99 €/l",
    "packSize": "1l",
    "info": "1,5/3,5% Fett, je 1-l-Pckg",
    "image": "https://lh3.googleusercontent.com/spp/AGWwKCcP3Oi0CIoOBD_Xb4s_a__7-20EdgESDLTalfJKY54CXAget2PusZgSqmwXkgjW1XX3i3s_0phlMKKA53rGPlNPG7n_pu4WV1XjJFA28nDLd-7SodgbFFJhm9NdCpoQbBuxe5dvL0SLkZYdUmOmXmRemY_YvOAfgVx89qvkh00uYRlnHPSlnYu3ZJ-GBIffnmZpTjOroQ=s512-rw-pd-pc0x00ffffff",
    "barcode": "4008452027589"
  },
  {
    "title": "Bio Mie-Nudeln mit Ei",
    "brands": "ALB-GOLD",
    "price": "1,65 €",
    "priceBasis": "6,6 €/kg",
    "regularPrice": "2,29 €",
    "regularPriceBasis": "9,16 €/kg",
    "packSize": "250g",
    "info": "250g | 9,16 €/kg",
    "image": "https://media.cdn.kaufland.de/product-images/1024x1024/e542ae1740b2c867331bc20d77b99989.webp",
    "barcode": "4018722305736"
  },
  {
    "title": "Vollkorn Mie-Nudeln",
    "brands": "ALB-GOLD",
    "price": "1,39 €",
    "priceBasis": "5,56 €/kg",
    "regularPrice": "1,59 €",
    "regularPriceBasis": "6,36 €/kg",
    "packSize": "250g",
    "info": "250g | 5,56 €/kg",
    "image": "https://media.cdn.kaufland.de/product-images/1024x1024/6457c0d9d2fefccf37a59ea5cfeebfd4.webp",
    "barcode": "4018722341680"
  },       
  {
    "title": "Bavaria Blu Der Würzige",
    "brands": "Bergader",
    "price": "",
    "priceBasis": "",
    "regularPrice": "3,00 €",
    "regularPriceBasis": "16,66 €/kg",
    "packSize": "180g",
    "info": "180g | 16,66 €/kg",
    "image": "https://olivia3-images.maexware-kundencloud.de/out/pictures/generated/product/1/540_540_75/DV019_4006402020413_PER.png",
    "barcode": "4006402020413"
  },
  {
    "title": "Bio Jasmin-Reis Weiß",
    "brands": "Davert",
    "price": "2,59 €",
    "priceBasis": "5,18 €/kg",
    "regularPrice": "3,00 €",
    "regularPriceBasis": "6,00 €/kg",
    "packSize": "500g",
    "info": "500g | 5,18 €/kg",
    "image": "https://img.rewe-static.de/8752184/24762958_digital-image.png?imwidth=152&impolicy=kues",
    "barcode": "4019339233122"
  },
  {
    "title": "Cashewkerne Bruch",
    "brands": "KoRo",
    "price": "10,00 €",
    "priceBasis": "10 €/kg",
    "regularPrice": "13,20 €",
    "regularPriceBasis": "13,20 €/kg",
    "packSize": "1kg",
    "info": "1kg | 13,20 €/kg",
    "image": "https://media.cdn.kaufland.de/product-images/1024x1024/6c6c552d64682c16f5e45be2c4e25315.webp",
    "barcode": "4260335835586"
  },
  {
    "title": "Toast Vollkorn",
    "brands": "Golden Toast",
    "price": "",
    "priceBasis": "",
    "regularPrice": "1,80 €",
    "regularPriceBasis": "3,60 €/kg",
    "packSize": "500g",
    "info": "500g | 3,60 €/kg",
    "image": "https://olivia3-images.maexware-kundencloud.de/out/pictures/generated/product/1/240_240_75/DV019_4009249019923_VOR.png",
    "barcode": "4009249019923"
  },      
  {
    "title": "Grand Dessert ",
    "brands": "Ehrmann",
    "price": "",
    "priceBasis": "",
    "regularPrice": "1,19 €",
    "regularPriceBasis": "2,58 €/kg",
    "packSize": "190g",
    "info": "je 190-g-Becher | (1 kg = 2.58)",
    "image": "https://kaufland.media.schwarz/is/image/schwarz/01150830?JGstbGVnYWN5LW9uc2l0ZS0zJA==",
    "barcode": "4002971234107"
  },
  {
    "title": "Schokolade Vollmilch laktosefrei",
    "brands": "Ritter Sport",
    "price": "",
    "priceBasis": "",
    "regularPrice": "1,99 €",
    "regularPriceBasis": "19,90 €/kg",
    "packSize": "100g",
    "info": "100g | 1kg = 19,90 €",
    "image": "https://media.cdn.kaufland.de/product-images/1024x1024/cec05e08854f21457ffce2946a729a56.webp",
    "barcode": "4000417102003"
  },
  {
    "title": "Schokolade Kakao-Mousse",
    "brands": "Ritter Sport",
    "price": "",
    "priceBasis": "",
    "regularPrice": "1,99",
    "regularPriceBasis": "19,90 €/kg",
    "packSize": "100g",
    "info": "100g | 1kg = 19,90 €",
    "image": "https://media.cdn.kaufland.de/product-images/1024x1024/fba0b762e6104dda6c3828340d610adb.webp",
    "barcode": "4000417629418"
  },
  {
    "title": "Schokolade Sport Nugat",
    "brands": "Ritter Sport",
    "price": "",
    "priceBasis": "",
    "regularPrice": "1,99 €",
    "regularPriceBasis": "19,90 €/kg",
    "packSize": "100g",
    "info": "100g | 1kg = 19,90 €",
    "image": "https://media.cdn.kaufland.de/product-images/1024x1024/197b5eac83475279e1d71db4b3169c9b.webp",
    "barcode": "4000417602619"
  },
  {
    "title": "Schogetten für Kinder",
    "brands": "",
    "price": "",
    "priceBasis": "",
    "regularPrice": "1,68 €",
    "regularPriceBasis": "10,50 €/kg",
    "packSize": "100g",
    "info": "100g | (10,50 €/kg)",
    "image": "https://media.cdn.kaufland.de/product-images/1024x1024/fc5da382032e747a747c16a602def3dc.webp",
    "barcode": "4000607167904"
  },
  {
    "title": "Schokolade Darkmilk Kakao Splitter",
    "brands": "Milka",
    "price": "",
    "priceBasis": "",
    "regularPrice": "2,68 €",
    "regularPriceBasis": "29,80 €/kg",
    "packSize": "85g",
    "info": "85g | (29,80 €/1kg)",
    "image": "https://media.cdn.kaufland.de/product-images/1024x1024/e8cc2d23ca5f6118c51f795606ed94c6.webp",
    "barcode": "7622201107932"
  },
  {
    "title": "Alpenmilch Schokolade mit Kuhflecken",
    "brands": "Milka",
    "price": "",
    "priceBasis": "",
    "regularPrice": "1,99 €",
    "regularPriceBasis": "19,90 €/kg",
    "packSize": "1oog",
    "info": "100g | 1kg = 19,90 €",
    "image": "https://media.cdn.kaufland.de/product-images/1024x1024/379d9afa90a4b6768e79906179e354f1.webp",
    "barcode": "7622400005190"
  },
  {
    "title": "Alpenmilch Schokolade",
    "brands": "Alpia",
    "price": "",
    "priceBasis": "",
    "regularPrice": "2,23 €",
    "regularPriceBasis": "22,30 €/kg",
    "packSize": "100g",
    "info": "100g | 1kg = 22,30 €",
    "image": "https://media.cdn.kaufland.de/product-images/1024x1024/9324b05e013de5b9ea9898f7c28096db.webp",
    "barcode": "4001743760189"
  },
  {
    "title": "Weisse Schokolade",
    "brands": "Alpia",
    "price": "",
    "priceBasis": "",
    "regularPrice": "2,23 €",
    "regularPriceBasis": "22,30 €/kg",
    "packSize": "100g",
    "info": "100g | 1kg = 22,30 €",
    "image": "https://media.cdn.kaufland.de/product-images/1024x1024/1941dda9ebd036fb88ba91d5d5749d6c.webp",
    "barcode": "4001743760219"
  },
  {
    "title": "Choco Brownie",
    "brands": "Milka",
    "price": "",
    "priceBasis": "",
    "regularPrice": "4,41 €",
    "regularPriceBasis": "29,40 €/kg",
    "packSize": "150g",
    "info": "150g | 1kg = 29,40 €",
    "image": "https://media.cdn.kaufland.de/product-images/1024x1024/6985d68054a0eb7d967dbe88e84bd617.webp",
    "barcode": "7622210635396"
  }
]
